@article{parks01cyberwar,
     author=        "R. C. Parks and David P. Duggan",
     title=         "Principles of Cyber-warfare",
     journal=       "Proceedings of the IEEE Workshop on Information Assurance and Security",
     pages=         "122--125",
     month=         "June",
     year=          "2001"
   }

@InProceedings{nobles05wlandos,
  author = 	 {Phillip Nobles and Peter A. Horrocks},
  title = 	 {Vulnerability of {IEEE802.11} {WLANs} to {MAC} layer {DoS} attacks},
  booktitle =    {Proceedings of The 2nd IEE Secure Mobile Communications Forum},
  year = 	 {2005},
  OPTeditor = 	 {},
  OPTvolume = 	 {},
  OPTnumber = 	 {},
  OPTseries = 	 {},
  OPTaddress = 	 {},
  OPTmonth = 	 {},
  organization = {Instituion of Electrical Engineers},
  OPTpublisher = {},
  OPTnote = 	 {},
  OPTannote = 	 {}
}

@InProceedings{provos04honeyd,
  author = 	 {Niels Provos},
  title = 	 {A virtual honeypot framework},
  booktitle =    {Proceedings of The 13th USENIX Security Symposium},
  address =      {San Fransisco, CA},
  year = 	 {2004},
  month = 	 {August},
}

@Misc{shipley01wardriving,
  OPTkey = 	 {},
  author = 	 {Peter Shipley},
  title = 	 {Open {WLAN}s: The Early Results of WarDriving},
  howpublished = {http://www.dis.org/filez/openlans.pdf}
}

@Misc{klaus02wlan,
  OPTkey = 	 {},
  author = 	 {Christopher W. Klaus},
  title = 	 {Wireless {LAN} Security {FAQ}},
  howpublished = {http://www.iss.net/wireless/},
  OPTmonth = 	 {},
  OPTyear = 	 {},
  OPTnote = 	 {},
  OPTannote = 	 {}
}

@TechReport{ieee99wireless,
  author = 	 {{IEEE Computer Society LAN/MAN Standards Committee}},
  title = 	 {Wireless {LAN} Medium Access Control ({MAC}) and Physical Layer ({PHY}) Specifications},
  institution =  {ANSI/IEEE},
  year = 	 {1999},
  OPTkey = 	 {},
  OPTtype = 	 {},
  OPTnumber = 	 {},
  OPTaddress = 	 {},
  OPTmonth = 	 {},
  OPTnote = 	 {},
  OPTannote = 	 {}
}

@Misc{rfc3330,
  author = {{Internet Assigned Numbers Authority}},
  title = {{RFC 3330}: Special-Use {IPv4} Addresses},
  month = {September},
  year = {2002},
  howpublished = {ftp://ftp.internic.net/rfc/rfc3330.txt}
}

@Misc{leffler02madwifi,
  author = {Sam Leffler},
  title = {Multimode Atheros Driver for {WiFi} on Linux},
  howpublished = {http://madwifi.sourceforge.net}
}

@Misc{nycwireless,
  title = {{NYC} wireless},
  howpublished = {http://www.nycwireless.net}
}

@Misc{samba,
  author = {{The Samba Team}},
  title = {Samba},
  howpublished = {http://www.samba.org}
}

@Misc{moser04hotspotter,
  author = {Max Moser},
  title = {Hotspotter: Automatic wireless client penetration},
  howpublished = {http://new.remote-exploit.org/index.php/Hotspotter\_main}
}

@Article{cableguy02wac,
  author = 	 {{The Cable Guy}},
  title = 	 {Windows {XP} Wireless Auto Configuration},
  journal =      {Microsoft TechNet},
  OPTurl =          {http://www.microsoft.com/technet/community/columns/cableguy/cg1102.mspx},
  month = 	 {November},
  year = 	 {2002},
}

@Article{lohr04desktop,
  author = 	 {Steve Lohr},
  title = 	 {One Small Step in Uphill Fight As Linux Adds a Media Player},
  journal = 	 {The New York Times},
  year = 	 {June 28, 2004},
  OPTkey = 	 {},
  OPTvolume = 	 {},
  OPTnumber = 	 {},
  OPTpages = 	 {},
  OPTmonth = 	 {},
  OPTnote = 	 {},
  OPTannote = 	 {}
}

